@book{ xuyun,
	title = "Empty Cloud: The Teachings of Xu Yun. A Remembrance of the Great Chinese Zen Master",
	year = 1996,
	publisher = "Nan Hua Buddhist Society",
	author = "Jy Din Shakya" % 知定
}
